@article{AltayGuvenir1998,
title = {Multicriteria inventory classification using a genetic algorithm},
journal = {European Journal of Operational Research},
volume = {105},
number = {1},
pages = {29-37},
year = {1998},
author = {H. {Altay Guvenir} and Erdal Erel},
}

@article{Balaji2014,
title = {Multicriteria Inventory ABC Classification in an Automobile Rubber Components Manufacturing Industry},
journal = {Procedia CIRP},
volume = {17},
pages = {463-468},
year = {2014},
note = {Variety Management in Manufacturing},
author = {K. Balaji and V.S. Senthil Kumar},
}

@article{BarbosaDePaula2022,
title = {Strategic support for the distribution of vaccines against Covid-19 to Brazilian remote areas: A multicriteria approach in the light of the ELECTRE-MOr method},
journal = {Procedia Computer Science},
volume = {199},
pages = {40-47},
year = {2022},
note = {The 8th International Conference on Information Technology and Quantitative Management (ITQM 2020 \& 2021): Developing Global Digital Economy after COVID-19},
author = {Natália Oliveira {Barbosa de Paula} and Igor Pinheiro {de Araújo Costa} and Paula Drumond and Miguel Ângelo {Lellis Moreira} and Carlos Francisco {Simões Gomes} and Marcos {dos Santos} and Sérgio Mitihiro {do Nascimento Maêda}},
}

@article{Ebrahimi2014,
title = {Managing Product and Production Variety – A Language Workbench Approach},
journal = {Procedia CIRP},
volume = {17},
pages = {338-344},
year = {2014},
note = {Variety Management in Manufacturing},
author = {Amir Hossein Ebrahimi and Pierre E.C. Johansson and Kristofer Bengtsson and Knut Åkesson},
}

@article{Flores1992,
title = {Management of multicriteria inventory classification},
journal = {Mathematical and Computer Modelling},
volume = {16},
number = {12},
pages = {71-82},
year = {1992},
author = {Benito E. Flores and David L. Olson and V.K. Dorai},
}

@article{FloresWhybark1986,
title = {Multiple criteria ABC analysis},
journal = {International Journal of Operations \& Production Management},
volume = {6},
number = {3},
pages = {38-46},
year = {1986},
author = {Benito E. Flores and D. Clay Whybark}
}

@article{Fraga2023,
title = {{COPS}olver: Open source software for solving combinatorial optimization and other decision problems — Library for solving the multi-product p-batch processing time maximization problem},
journal = {Software Impacts},
volume = {18},
pages = {100592},
year = {2023},
author = {Tatiana Balbi Fraga},
}

@article{Fraga2024,
title = {{COPS}olver: Open source software for solving combinatorial optimization and other decision problems — Library for solving the multicriteria classification problem},
journal = {In press},
year = {2024},
author = {Tatiana Balbi Fraga},
}

@article{Lolli2014,
title = {New AHP-based approaches for multi-criteria inventory classification},
journal = {International Journal of Production Economics},
volume = {156},
pages = {62-74},
year = {2014},
author = {F. Lolli and A. Ishizaka and R. Gamberini},
}

@article{MarianoRibeiro2023,
title = {Strategic landscape analysis relating multicriteria analysis and socioeconomic and environmental context to define potential areas for active restoration in São Paulo, Brazil},
journal = {Journal of South American Earth Sciences},
volume = {130},
pages = {104561},
year = {2023},
author = {João Vitor {Mariano Ribeiro} and Tatiana {Sussel Gonçalves Mendes} and Silvio {Jorge Coelho Simões} and Klécia {Gili Massi} and Pedro {Ivo Mioni Camarinha} and Carolina {Cassiano Ferreira}},
}

@article{Odu2019,
	AUTHOR =     {G O Odu},
	TITLE =      {Weighting Methods for Multi-Criteria Decision Making Techniquex},
	JOURNAL =    {J. Appl. Sci. Environ. Manage.},
	YEAR =       {2019},
	volume =     {23},
	number =     {8},
	pages =      {1449-1457},
}

@article{Pereira2023,
title = {Development of strategic planning of a financial education company in Brazil: an approach based on the new Multicriteria Decision Analysis Method S.W.O.T-D.M.S},
journal = {Procedia Computer Science},
volume = {221},
pages = {681-688},
year = {2023},
note = {Tenth International Conference on Information Technology and Quantitative Management (ITQM 2023)},
author = {Daniel Augusto de Moura Pereira and Bruno Pereira Diniz and Guilherme Nascimento Araújo and Alexandre Chaves Araújo and Mateus José de Siqueira Silva and João Cavalcanti Neto and Jordan Matheus Barbosa Araújo and Pedro Paulo Mendes Tomaz and Marcos dos Santos},
}

@article{Saaty1987,
	AUTHOR =     {R W Saaty},
	TITLE =      {The Analytic Hierarchy Process - What It Is And How It Is Used},
	JOURNAL =    {Mathl Modelling},
	YEAR =       {1987},
	volume =     {9},
	number =     {3-5},
	pages =      {161-176},
}

@article{Williams1984,
    author = {T M Williams},
    title = {Stock Control with Sporadic and Slow-Moving Demand},
    journal = {Journal of the Operational Research Society},
    volume = {35},
    number = {10},
    pages = {939-948},
    year = {1984},
}

@BOOK{Kiran2019,
  AUTHOR =       {D R Kiran},
  TITLE =        {Production Planning and Control: A Comprehensive Approach},
  PUBLISHER =    {Butterworth-Heinemann, Elsevier},
  YEAR =         {2019},
}

@article{MinwooShamim13,
	AUTHOR =     {Minwoo Chang and Shamim N. Pakzad},
	TITLE =      {Modified Natural Excitation Technique for Stochastic Modal Identification},
	JOURNAL =    {Journal of Structural Engineering},
	YEAR =       {2013},
	volume =     {139},
	number =     {10},
	pages =      {1753-1762},
}

@INPROCEEDINGS{Bordalo89,
  AUTHOR =       {S N Bordalo and J H Ferziger and S J Kline},
  TITLE =        {The Development of Zonal Models for Turbulence},
  BOOKTITLE =    {Proceedings of the 10th Brazilian Congress of Mechanical Engineering},
  YEAR =         {1989},
  volume =       {1},
  address =      {Rio de Janeiro, Brazil},
  organization = {ABCM},
  pages =        {41-44},

}

@BOOK{Coimbra78,
  AUTHOR =       {A L Coimbra},
  TITLE =        {Lessons of Continuum Mechanics},
  PUBLISHER =    {Ed. Edgard Bl\"{u}cher},
  YEAR =         {1978},
  address =      {S\~{a}o Paulo, Brazil},
  note =         {428 p}
}

@TECHREPORT{Clark86,
  AUTHOR =       {J A Clark},
  INSTITUTION =  {University of Michigan},
  YEAR =         {1986},
  type =         {Private Communication},
  address =      {Ann Harbor},
}

@ARTICLE{Sparrow80,
  AUTHOR =       {E M Sparrow},
  TITLE =        {Forced Convection Heat Transfer in a Duct Having Spanwise-Periodic Rectangular Protuberances},
  JOURNAL =      {Numerical Heat Transfer},
  YEAR =         {1980},
  volume =       {3},
  pages =        {149-167},
}

@Inbook{Singhal2013,
author =        {Singhal, Jaya and Bitran, Gabriel R. and Dasu, Sriram},
editor =        {Gass, Saul I. and Fu, Michael C.},
title  =        {Production Management},
bookTitle =     {Encyclopedia of Operations Research and Management Science},
year   =        {2013},
publisher =     {Springer US},
address   =     {Boston, MA},
pages  =        {1173--1182},
}
